@article{cruz2018enabling,
  title={Enabling adaptability in web forms based on user characteristics detection through A/B testing and machine learning},
  author={Cruz-Benito, Juan and V{\'a}zquez-Ingelmo, Andrea and S{\'a}nchez-Prieto, Jos{\'e} Carlos and Ther{\'o}n, Roberto and Garc{\'\i}a-Pe{\~n}alvo, Francisco Jos{\'e} and Mart{\'\i}n-Gonz{\'a}lez, Mart{\'\i}n},
  journal={IEEE Access},
  volume={6},
  pages={2251--2265},
  year={2018},
  publisher={IEEE}
}

@incollection{kohavi2017online,
  title={Online controlled experiments and a/b testing},
  author={Kohavi, Ron and Longbotham, Roger},
  booktitle={Encyclopedia of machine learning and data mining},
  pages={922--929},
  year={2017},
  publisher={Springer}
}

@book{white2012bandit,
  title={Bandit algorithms for website optimization},
  author={White, John},
  year={2012},
  publisher={" O'Reilly Media, Inc."}
}

@book{nielsen1994usability,
  title={Usability engineering},
  author={Nielsen, Jakob},
  year={1994},
  publisher={Elsevier}
}

@article{seckler2015trust,
  title={Trust and distrust on the web: User experiences and website characteristics},
  author={Seckler, Mirjam and Heinz, Silvia and Forde, Seamus and Tuch, Alexandre N and Opwis, Klaus},
  journal={Computers in Human Behavior},
  volume={45},
  pages={39--50},
  year={2015},
  publisher={Elsevier}
}

@book{krug2000don,
  title={Don't make me think!: a common sense approach to Web usability},
  author={Krug, Steve},
  year={2000},
  publisher={Pearson Education India}
}

@article{lattimore2018bandit,
  title={Bandit Algorithms},
  author={Lattimore, Tor and Szepesv{\'a}ri, Csaba},
  journal={preprint},
  year={2018}
}